@article{wolpaw2002brain,
  title={Brain--computer interfaces for communication and control},
  author={Wolpaw, Jonathan R and Birbaumer, Niels and McFarland, Dennis J and Pfurtscheller, Gert and Vaughan, Theresa M},
  journal={Clinical neurophysiology},
  volume={113},
  number={6},
  pages={767--791},
  year={2002},
  publisher={Elsevier}
}

@article{chapin1999real,
  title={Real-time control of a robot arm using simultaneously recorded neurons in the motor cortex},
  author={Chapin, John K and Moxon, Karen A and Markowitz, Ronald S and Nicolelis, Miguel AL},
  journal={Nature neuroscience},
  volume={2},
  number={7},
  pages={664--670},
  year={1999},
  publisher={Nature Publishing Group}
}

@article{rezeika2018brain,
  title={Brain--computer interface spellers: A review},
  author={Rezeika, Aya and Benda, Mihaly and Stawicki, Piotr and Gembler, Felix and Saboor, Abdul and Volosyak, Ivan},
  journal={Brain sciences},
  volume={8},
  number={4},
  pages={57},
  year={2018},
  publisher={Multidisciplinary Digital Publishing Institute}
}

@article{lauer2000applications,
  title={Applications of cortical signals to neuroprosthetic control: a critical review},
  author={Lauer, Richard T and Peckham, P Hunter and Kilgore, Kevin L and Heetderks, William J},
  journal={IEEE transactions on rehabilitation engineering},
  volume={8},
  number={2},
  pages={205--208},
  year={2000},
  publisher={IEEE}
}
